@article{Ross,
  title={The 2011 report on dietary reference intakes for calcium and vitamin D from the Institute of Medicine: what clinicians need to know},
  author={Ross, A Catharine and Manson, JoAnn E and Abrams, Steven A and Aloia, John F and Brannon, Patsy M and Clinton, Steven K and Durazo-Arvizu, Ramon A and Gallagher, J Christopher and Gallo, Richard L and Jones, Glenville and others},
  journal={The Journal of Clinical Endocrinology \& Metabolism},
  volume={96},
  number={1},
  pages={53--58},
  month={April},
  year={2011},
  publisher={Endocrine Society}
}

@incollection{Robbins,
    author      = "Robbins, Claude L",
    title       = {Light And Daylight},
    booktitle   = "Daylighting. Design and analysis",
    publisher   = "Van Nostrand Reinhold",
    address     = "New York, NY",
    year        = 1985,
    pages       = "3--17",
    chapter     = 1
}

@STANDARD {OSHA,
    title        = "Occupational Health and Environmental Controls: Part Number 1926.56",
    organization = "Occupational Safety and Health Administration",
    institution  = "United States Department of Labor",
    language     = "English",
    howpublished = "Online",
    url          = "https://www.osha.gov/",
    note         = "{(Last Accessed: Apr 8 2016)}",
}

@article{Holick,
  title={Vitamin {D} deficiency: a worldwide problem with health consequences},
  author={Holick, Michael F and Chen, Tai C},
  journal={The American journal of clinical nutrition},
  volume={87},
  number={4},
  pages={1080S--1086S},
  month={April},
  year={2008},
  publisher={Am Soc Nutrition}
}

@article{Rea,
  title={Circadian photobiology: An emerging framework for lighting practice and research},
  author={Rea, MS and Figueiro, MG and Bullough, JD},
  journal={Lighting Research and Technology},
  volume={34},
  number={3},
  pages={177--187},
  month={September},
  year={2002},
  publisher={SAGE Publications}
}

@article{Ihm,
  title={Estimation of lighting energy savings from daylighting},
  author={Ihm, Pyonchan and Nemri, Abderrezek and Krarti, Moncef},
  journal={Building and Environment},
  volume={44},
  number={3},
  pages={509--514},
  month={April},
  year={2009},
  publisher={Elsevier}
}

@article{Bodart,
  title={Global energy savings in offices buildings by the use of daylighting},
  author={Bodart, Magali and De Herde, Andr{\'e}},
  journal={Energy and Buildings},
  volume={34},
  number={5},
  pages={421--429},
  month={June},
  year={2002},
  publisher={Elsevier}
}

@article{Leslie,
  title={Capturing the daylight dividend in buildings: why and how?},
  author={Leslie, RP},
  journal={Building and Environment},
  volume={38},
  number={2},
  pages={381--385},
  month={February},
  year={2003},
  publisher={Elsevier}
}


@incollection{Pettifor,
  author      = "Pettifor, JM and Daniels, ED",
  title       = "Vitamin {D} deficiency and nutritional rickets in children.",
  booktitle   = "Vitamin D",
  publisher   = "Academic Press",
  address     = "San Diego",
  year        = 1997,
  pages       = "645--662",
}

article{Pettifor,
  title={Vitamin D deficiency and nutritional rickets in children.},
  author={Pettifor, JM and Daniels, ED and Feldman, D and others},
  journal={Vitamin D.},
  pages={645--662},
  year={1997},
  publisher={Academic Press}
}

@article{Menzies,
  title={Windows in the workplace: examining issues of environmental sustainability and occupant comfort in the selection of multi-glazed windows},
  author={Menzies, GF and Wherrett, JR},
  journal={Energy and Buildings},
  volume={37},
  number={6},
  pages={623--630},
  month={September},
  year={2005},
  publisher={Elsevier}
}

@article{Thapan,
  title={An action spectrum for melatonin suppression: evidence for a novel non-rod, non-cone photoreceptor system in humans},
  author={Thapan, Kavita and Arendt, Josephine and Skene, Debra J},
  journal={The Journal of physiology},
  volume={535},
  number={1},
  pages={261--267},
  month={August},
  year={2001},
  publisher={Wiley Online Library}
}

@article{Abdou,
  title={Effects of luminous environment on worker productivity in building spaces},
  author={Abdou, Ossama A},
  journal={Journal of architectural engineering},
  volume={3},
  number={3},
  pages={124--132},
  year={1997},
  publisher={American Society of Civil Engineers}
}

@inproceedings{Reinhart,
  title={Daylight 1-2-3--a state-of-the-art daylighting/energy analysis software for initial design investigations},
  author={Reinhart, Christoph and Bourgeois, Denis and Dubrous, Fran{\c{c}}ois and Laouadi, Aziz and Lopez, Phylroy and Stelescu, Octavian},
  booktitle={Proc. of the 11th IBPSA Buildings Simulation Conference in Beijing, China},
  year={2007}
}

@article{Galasiu,
author = { Anca   D.   Galasiu  and  Christoph   F.   Reinhart },
    title = {{Current} daylighting design practice: a survey},
journal = {Building Research \& Information},
volume = {36},
number = {2},
pages = {159-174},
month = {May},
year = {2008}
}

@article{Gooley,
  title={Exposure to room light before bedtime suppresses melatonin onset and shortens melatonin duration in humans},
  author={Gooley, Joshua J and Chamberlain, Kyle and Smith, Kurt A and Khalsa, Sat Bir S and Rajaratnam, Shantha MW and Van Reen, Eliza and Zeitzer, Jamie M and Czeisler, Charles A and Lockley, Steven W},
  journal={The Journal of Clinical Endocrinology \& Metabolism},
  volume={96},
  number={3},
  pages={463--472},
  month={March},
  year={2010},
  publisher={Endocrine Society Chevy Chase, MD}
}

@article{Brainard,
  title={Effect of Light Wavelength on the Suppression of Nocturnal Plasma Melatonin in Normal Volunteers},
  author={Brainard, GC and Lewy, AJ and Menaker, M and Fredrickson, RH and Miller, LS and Weleber, RG and Cassone, V and Hudson, D},
  journal={Annals of the New York Academy of Sciences},
  volume={453},
  number={1},
  pages={376--378},
  month={September},
  year={1985},
  publisher={Wiley Online Library}
}

@ARTICLE {Yancy,
    author  = "Keith J Yancy",
    title   = "The Daylighting Design Process â€“ tools for predicting daylight and techniques for making sound decisions about daylight during design",
    journal = "The National Institute of Building Sciences",
    year    = "2010",
    address = "Portland, Oregon",
    note    = "{(Last Accessed: Apr 8 2016)}",
    URL= {www.nibs.org/resource/resmgr/BEST/BEST2\_023\_EE7-1.pdf}
}

@article{Suwa,
  title={{What do architects and students perceive in their design sketches? A protocol analysis}},
  author={Suwa, Masaki and Tversky, Barbara},
  journal={Design studies},
  volume={18},
  number={4},
  pages={385--403},
  month={October},
  year={1997},
  publisher={Elsevier}
}

@incollection{boyce,
  author      = "Boyce, P and National Electrical Manufacturers Association and others",
  title       = "Circadian Photobiology: Current Knowledge",
  booktitle   = "Lighting and human performance II: Beyond visibility models toward a unified human factors approach to performance",
  publisher   = "National Electrical Manufacturers Association",
  address     = "Concord, CA",
  year        = 2001,
  pages       = "5.1--5.17",
  chapter     = 5
}

@INPROCEEDINGS {glaser2003sketch,
    author    = "Glaser, Daniel and Voung, Jan and Xiao, Y and Thai, B and Ubbelohde, S and Canny, J and Do E",
    title     = "A sketch-modelling program for lighting analysis",
    booktitle = {{Proceedings} of the 10th {International} {Conference} on {Computer} {Aided} {Architectural} {Design} {Futures}},
    year      = "2003",
    pages     = "371--382",
    address   = "Tainan, Taiwan"
}

article{glaser2003sketch,
  title={A sketch-modelling program for lighting analysis},
  author={Glaser, Daniel and Voung, Jan and Xiao, Y and Thai, B and Ubbelohde, S and Canny, J and Do E, LightSketch},
  journal={Proceedings of the 10th International Conference on Computer Aided Architectural Design Futures},
  pages={371--382},
  address={Tainan, Taiwan},
  year={2003}
}

inproceedings{reinhart2005simulation,
  title={A simulation-based review of the ubiquitous window-head-height to daylit zone depth rule-of-thumb},
  author={Reinhart, Christoph F},
  journal={Building Simulation},
  volume={106},
  number={3},
  
  year={2005}
}
@CONFERENCE {reinhart2005simulation,
    author       = "Reinhart, Christoph F",
    title        = "A simulation-based review of the ubiquitous window-head-height to daylit zone depth rule-of-thumb",
    booktitle    = "Building Simulation",
    year         = "2005",
    series       = "Ninth International IBPSA Conference",
    pages        = "1011-1018",
    address      = "Montr\'{e}al, Canada",
    month        = "August",
    organization = "IBPSA"
}

@Patent{james1976sun,
  title={Sun angle calculator},
  author={James, C.A.N.A.S.A.F. and Flippin, A. and Schmitt, A.L.},
  nationality = {United States},
  number={{US 3971915 A}},
  year={1974},
  note= "{(Last Accessed: Apr 8 2016)}",
  url={https://www.google.com/patents/US3971915}
}


@article{millet1980graphic,
  title={Graphic daylighting design method: including clear sky conditions},
  author={Millet, Marietta S and Adams, Cassandra and Bedrick, JR},
  journal={Proc. Annu. Meet.-Am. Sect. Int. Sol. Energy Soc.},
  volume={2},
  number={CONF-801016-(Vol. 2)},
  pages={7--31},
  month={January},
  address={Newark, DE},
  year={1980}
}


@article{reinhart_lecture,
  title={A rules of thumb-based design sequence for diffuse daylight},
  author={Reinhart, Christoph F and LoVerso, VRM},
  journal={Lighting Research and Technology},
  volume={42},
  number={1},
  pages={7--31},
  month={March},
  year={2010},
  publisher={SAGE Publications}
}

@incollection{moore,
  author={Moore, Fuller},
  title={Graphic Methods},
  booktitle={Concepts and practice of architectural daylighting},
  publisher={Van Nostrand Reinhold Company},
  address={New York},
  year={1985},
  pages={179--197},
  chapter={15}
}


article{cutler2010interpreting,
  title={Interpreting physical sketches as architectural models},
  author={Cutler, Barbara and Nasman, Joshua},
  journal={Advances in Architectural Geometry 2010},
  pages={15--35},
  year={2010},
  publisher={Springer}
}


inproceedings{nasman2013evaluation,
 author = {Nasman, Joshua and Cutler, Barbara},
    title = {{Evaluation} of a tangible interface for architectural daylighting analysis},
    booktitle = {{Proceedings} of the {ACM} {SIGGRAPH} {Symposium} on {Interactive} 3D {Graphics} and {Games}},
 series = {I3D '12},
 year = {2012},
 address = {Costa Mesa, California},
 pages = {207--207},
 numpages = {1},
 url = {http://doi.acm.org/10.1145/2159616.2159653},
 doi = {10.1145/2159616.2159653},
 acmid = {2159653},
 publisher = {ACM},
 address = {New York, NY, USA},
} 

inproceedings{nasman2013physical,
  title={Physical Avatars in a Projector-Camera Tangible User Interface Enhance Quantitative Simulation Analysis and Engagement},
  author={Nasman, Joshua and Cutler, Barbara},
  booktitle={Proceedings of the IEEE Conference on Computer Vision and Pattern Recognition Workshops},
  pages={930--936},
  year={2013},
  address = {Monterey, California, USA}
}

@inproceedings{nasman2013physical,
  author    = {Joshua D. Nasman and
               Barbara Cutler},
  title     = {Physical Avatars in a Projector-Camera Tangible User Interface Enhance
               Quantitative Simulation Analysis and Engagement},
    booktitle = {{IEEE} {Conf.} {Comput.} {Vis.} and {Pattern} {Recog.,} {CVPR},
               Workshops 2013, Portland, OR, USA, June 23-28, 2013},
  pages     = {930--936},
  year      = {2013},
  crossref  = {DBLP:conf/cvpr/2013w},
  url       = {http://dx.doi.org/10.1109/CVPRW.2013.137},
  doi       = {10.1109/CVPRW.2013.137},
  timestamp = {Mon, 10 Feb 2014 19:45:55 +0100},
  biburl    = {http://dblp.uni-trier.de/rec/bib/conf/cvpr/NasmanC13},
  bibsource = {dblp computer science bibliography, http://dblp.org},
  note         = "{(Last Accessed: Apr 8 2016)}"
}

inproceedings{cutler2009inferring,
  title={Inferring Architectural Designs from Physical Sketches: Application to Daylighting Analysis},
  author={Cutler, Barbara and Yapo, Theodore C and Sheng, Yu},
  booktitle={Proc. Intelligent User Interfaces (IUI) Sketch Recognition Workshop},
  year={2009},
  month={}
}

ï»¿Inbook{cutler2009inferring,
chapter="Interpreting Physical Sketches as Architectural Models",
title="Advances in Architectural Geometry 2010",
year="2010",
publisher="Springer Vienna",
address="Vienna",
pages="15--35"
}

@incollection{cutler2009inferring,
  author      = "Cutler, Barbara and Nasman, Joshua",
  title       = "Architectural design theory: Models of the design process",
  booktitle   = "Advances in Architectural Geometry 2010",
  publisher   = "Springer",
  address     = "Vienna",
  year        = 2010,
  chapter     = 1,
  pages       = "15--35"
}


@article{sheng2009virtual,
    title = {{A} spatially augmented reality sketching interface for architectural daylighting design},
author = "Yu Sheng and Theodore C. Yapo and Christopher Young and Barbara Cutler",
year = "2011", 
month = "January",
journal = "IEEE Transactions on Visualization and Computer Graphics",
vol = "17",
issue = "1",
pages = "38--50",
publisher = "IEEE"
}




@incollection{do2001vr,
  title={{VR} sketchpad},
  author={Do, Ellen Yi-Luen},
  booktitle={Computer Aided Architectural Design Futures 2001},
  pages={161--172},
  chapter={13},
  year={2001},
  publisher={Springer},
  address={New York, NY}
}


@article{andersen2011informing,
  title={{Informing well-balanced daylight design using Lightsolve}},
  author={Andersen, Marilyne and Gagne, JML and Kleindienst, Sian},
  journal={{CISBAT11: CleanTech for Sustainable Buildings -- from Nano to Urban Scale}},
  address={Lausanne, Switzerland},
  month={September},
  year={2011}
}

@article{andersen2008intuitive,
  title={An intuitive daylighting performance analysis and optimization approach},
  author={Andersen, Marilyne and Kleindienst, Si{\^a}n and Yi, Lu and Lee, Jaime and Bodart, Magali and Cutler, Barbara},
  journal={Building Research \& Information},
  volume={36},
  number={6},
  pages={593--607},
  month={November},
  year={2008},
  publisher={Taylor \& Francis}
}

@inproceedings{ladybug,
  title={Ladybug: a parametric environmental plugin for grasshopper to help designers create an environmentally-conscious design},
  author={Roudsari, Mostapha Sadeghipour and Pak, Michelle and Smith, Adrian and Gill, G},
  booktitle={Proceedings of the 13th International IBPSA Conference Held in Lyon, France Aug},
  year={2013}
}

book{sketchup,
  title={Google Sketchup for site design: a guide to modeling site plans, terrain and architecture},
  author={Tal, Daniel},
  year={2010},
  publisher={John Wiley \& Sons}
}

article{ecotect,
  title={Ecotect (software)},
  author={Marsh, Andrew},
  journal={Australia: Western University},
  year={2007}
}

@MasterThesis{li2011photon,
  title={Photon mapping for architectural daylighting simulation of interior spaces},
  author={Li, Eric},
  year={2011},
  school={Rensselaer Polytechnic Institute},
  address={Troy, NY}
}



@article{parker2010optix,
  title={Optix: a general purpose ray tracing engine},
  author={Parker, Steven G and Bigler, James and Dietrich, Andreas and Friedrich, Heiko and Hoberock, Jared and Luebke, David and McAllister, David and McGuire, Morgan and Morley, Keith and Robison, Austin and others},
  journal={ACM Transactions on Graphics (TOG)},
  volume={29},
  number={4},
  pages={66},
  year={2010},
  month={July},
  publisher={ACM}
}

@article{hachisuka2008progressive,
  title={Progressive photon mapping},
  author={Hachisuka, Toshiya and Ogaki, Shinji and Jensen, Henrik Wann},
  journal={ACM Transactions on Graphics (TOG)},
  volume={27},
  number={5},
  pages={130},
  month={December}
  year={2008},
  publisher={ACM}
}

@Techreport{matsuura1988luminance,
  title={{Spatial Distribution of Daylight -- Luminance Distributions of Various Reference Skies}},
  author={Matsuura, K},
  number={CIE 110-1994},
  institution={International Commission on Illumination},
  address={Vienna, Austria},
  year={1988}
}
misc{de1994spatial,
  title={Spatial distribution of daylightâ€”luminance distributions of various reference skies},
  author={DE Lâ€™ECLAIRAGE, CIE COMISSION INTERNATIONALE},
  year={1994},
  publisher={CIE-Publikation}
}

@Techreport{compagnon1997radiance,
  title={RADIANCE: a simulation tool for daylighting systems},
  author={Compagnon, Dr R},
  institution={The Martin Centre for Architectural and Urban Studies University of Cambridge Department of Architecture},
  address={Fribourg, Switzerland},
  number={1},
  year={1997}
}

@article{reinhart2006development,
  title={Development and validation of a Radiance model for a translucent panel},
  author={Reinhart, Christoph F and Andersen, Marilyne},
  journal={Energy and Buildings},
  volume={38},
  number={7},
  pages={890--904},
  year={2006},
  publisher={Elsevier}
}

@inproceedings{sheng2010global,
  title={Global illumination compensation for spatially augmented reality},
  author={Sheng, Yu and Yapo, Theodore C and Cutler, Barbara},
  booktitle={Computer Graphics Forum},
  volume={29},
  number={2},
  pages={387--396},
  year={2010},
  address={Hoboken, NJ},
  organization={Wiley Online Library}
}

@incollection{bazjanac1974architectural,
  author      = "Bazjanac, Vladimir",
  title       = "Architectural design theory: Models of the design process",
  booktitle   = "Basic questions of design theory",
  publisher   = "North-Holland Publishing Co.",
  address     = "Amsterdam",
  year        = 1974,
  pages       = "20",
  chapter     = 3
}


@article{tuchinda2006photoprotection,
  title={Photoprotection by window glass, automobile glass, and sunglasses},
  author={Tuchinda, Chanisada and Srivannaboon, Sabong and Lim, Henry W},
  journal={Journal of the American Academy of Dermatology},
  volume={54},
  number={5},
  pages={845--854},
  month={May},
  year={2006},
  publisher={Elsevier}
}
@article{galasiu2006occupant,
  title={Occupant preferences and satisfaction with the luminous environment and control systems in daylit offices: a literature review},
  author={Galasiu, Anca D and Veitch, Jennifer A},
  journal={Energy and Buildings},
  volume={38},
  number={7},
  pages={728--742},
  month={July},
  year={2006},
  publisher={Elsevier}
}
@inproceedings{zuo2012acceleration,
  title={{Acceleration of Radiance for lighting simulation by using parallel computing with OpenCL}},
  author={Zuo, Wangda},
  booktitle={12th International Conference of the International Building Performance Simulation Association},
  address={Sydney, Australia},
  month={November},
  year={2011}
}
@article{mcneil2013validation,
  title={{A validation of the Radiance three-phase simulation method for modelling annual daylight performance of optically complex fenestration systems}},
  author={McNeil, Andrew and Lee, ES},
  journal={Journal of Building Performance Simulation},
  volume={6},
  number={1},
  pages={24--37},
  month={March},
  year={2012},
  publisher={Taylor \& Francis}
}
    

@inproceedings{sheng2011perceptual,
  title={Perceptual global illumination cancellation in complex projection environments},
  author={Sheng, Yu and Cutler, Barbara and Chen, Chao and Nasman, Joshua},
  booktitle={Computer Graphics Forum},
  volume={30},
  number={4},
  pages={1261--1268},
  year={2011},
  organization={Wiley Online Library}
}

@inproceedings{Myers1992,
 author = {Myers, Brad A. and Rosson, Mary Beth},
    title = {{Survey} on {User} {Interface} {Programming}},
    booktitle = {{Proc.} {SIGCHI} {Conf.} {Human} {Factors} in {Comput.} {Syst.}},
 series = {CHI '92},
 month={January},
 year = {1992},
 address = {Monterey, California, USA},
 pages = {195--202},
 numpages = {8},
 doi = {10.1145/142750.142789},
 acmid = {142789},
 publisher = {ACM},
 address = {New York, NY, USA},
} 


address = {New York, NY, USA},

@article{Myers1995,
 author = {Myers, Brad A.},
    title = {{User} {Interface} {Software} {Tools}},
 journal = {ACM Trans. Comput.-Hum. Interact.},
    year = {1995},
 volume = {2},
 number = {1},
 month = {March},
 year = {1995},
 pages = {64--103},
 numpages = {40},
 doi = {10.1145/200968.200971},
 acmid = {200971},
 publisher = {ACM},
 address = {New York, NY, USA},
} 
@article{limpaecher2013real,
  title={Real-time drawing assistance through crowdsourcing},
  author={Limpaecher, Alex and Feltman, Nicolas and Treuille, Adrien and Cohen, Michael},
  month={July},
  journal={ACM Transactions on Graphics (TOG)},
  volume={32},
  number={4},
  pages={54},
  year={2013},
  publisher={ACM}
}


@inproceedings{Dostal,
 author = {Dost\'{a}l, Martin},
    title = {{User} {Acceptance} of the {Microsoft} {Ribbon} {User} {Interface}},
    booktitle = {{Proc.} 9th {WSEAS} {Int.} {Conf.} {Data} {Netw.,} {Comm.,} {Comput.s}},
 series = {DNCOCO'10},
 month={November},
 year = {2010},
 address = {Faro, Portugal},
 pages = {143--149},
 numpages = {7},
 acmid = {1948832},
 publisher = {World Scientific and Engineering Academy and Society (WSEAS)},
 address = {Stevens Point, Wisconsin, USA},

} 