@BOOK {Ross,
    author    = "Ross AC, Taylor CL, Yaktine AL, et al., editors",
    title     = "Dietary Reference Intakes for Calcium and Vitamin D.",
    publisher = "National Academies Press (US)",
    year      = "2011",
    volume    = "1",
    address   = "http://www.ncbi.nlm.nih.gov/books/NBK56072/",
    edition   = "first"
}